@article{2015arXiv150907408D,
	Adsnote = {Provided by the SAO/NASA Astrophysics Data System},
	Adsurl = {http://adsabs.harvard.edu/abs/2015arXiv150907408D},
	Archiveprefix = {arXiv},
	Author = {{Donath}, A. and others},
	Eprint = {1509.07408},
	Journal = {ArXiv e-prints},
	Keywords = {Astrophysics - Instrumentation and Methods for Astrophysics},
	Month = sep,
	Primaryclass = {astro-ph.IM},
	Title = {{Gammapy - A Python package for gamma-ray astronomy}},
	Year = 2015,
}


@article{2016AnA...593A...1K,
	Adsnote = {Provided by the SAO/NASA Astrophysics Data System},
	Adsurl = {http://adsabs.harvard.edu/abs/2016A%26A...593A...1K},
	Archiveprefix = {arXiv},
	Author = {{Kn{\"o}dlseder}, J. and others},
	Doi = {10.1051/0004-6361/201628822},
	Eid = {A1},
	Eprint = {1606.00393},
	Journal = {AAP},
	Keywords = {methods: data analysis, virtual observatory tools},
	Month = aug,
	Pages = {A1},
	Primaryclass = {astro-ph.IM},
	Title = {{GammaLib and ctools. A software framework for the analysis of astronomical gamma-ray data}},
	Volume = 593,
	Year = 2016,
}


@article{2015arXiv150807437W,
	Adsnote = {Provided by the SAO/NASA Astrophysics Data System},
	Adsurl = {http://adsabs.harvard.edu/abs/2015arXiv150807437W},
	Archiveprefix = {arXiv},
	Author = {{Ward \textit{et al.} for the CTA Consortium}, J.~E. },
	Eprint = {1508.07437},
	Journal = {ArXiv e-prints},
	Keywords = {Astrophysics - Instrumentation and Methods for Astrophysics},
	Month = aug,
	Primaryclass = {astro-ph.IM},
	Title = {{The Instrument Response Function Format for the Cherenkov Telescope Array}},
	Year = 2015,
}


@article{2010AnA...524A..48T,
	Adsnote = {Provided by the SAO/NASA Astrophysics Data System},
	Adsurl = {http://adsabs.harvard.edu/abs/2010A%26A...524A..48T},
	Archiveprefix = {arXiv},
	Author = {{Tluczykont}, M. and others},
	Doi = {10.1051/0004-6361/201015193},
	Eid = {A48},
	Eprint = {1010.5659},
	Journal = {AAP},
	Keywords = {gamma rays: general, galaxies: active, BL Lacertae objects: general, BL Lacertae objects: individual: Mrk 421, BL Lacertae objects: individual: Mrk 501},
	Month = dec,
	Pages = {A48},
	Primaryclass = {astro-ph.HE},
	Title = {{Long-term lightcurves from combined unified very high energy {$\gamma$}-ray data}},
	Volume = 524,
	Year = 2010,
}


@phdthesis{2010PhDT.......147K,
	Adsnote = {Provided by the SAO/NASA Astrophysics Data System},
	Adsurl = {http://adsabs.harvard.edu/abs/2010PhDT.......147K},
	Author = {{Kerr}, M.},
	School = {University of Washington},
	Title = {{Likelihood methods for the detection and characterization of gamma-ray pulsars with the Fermi large area telescope}},
	Year = 2010,
}


@article{2015arXiv150903319Z,
	Adsnote = {Provided by the SAO/NASA Astrophysics Data System},
	Adsurl = {http://adsabs.harvard.edu/abs/2015arXiv150903319Z},
	Archiveprefix = {arXiv},
	Author = {{Zabalza}, V.},
	Eprint = {1509.03319},
	Journal = {ArXiv e-prints},
	Keywords = {Astrophysics - High Energy Astrophysical Phenomena},
	Month = sep,
	Primaryclass = {astro-ph.HE},
	Title = {{naima: a Python package for inference of relativistic particle energy distributions from observed nonthermal spectra}},
	Year = 2015,
}


@article{2015arXiv150708343V,
	Adsnote = {Provided by the SAO/NASA Astrophysics Data System},
	Adsurl = {http://adsabs.harvard.edu/abs/2015arXiv150708343V},
	Archiveprefix = {arXiv},
	Author = {{Vianello}, G. and others},
	Eprint = {1507.08343},
	Journal = {ArXiv e-prints},
	Keywords = {Astrophysics - High Energy Astrophysical Phenomena, Astrophysics - Instrumentation and Methods for Astrophysics},
	Month = jul,
	Primaryclass = {astro-ph.HE},
	Title = {{The Multi-Mission Maximum Likelihood framework (3ML)}},
	Year = 2015,
}

@ARTICLE{2005ApJ...622..759G,
   author = {{G{\'o}rski}, K.~M. and {Hivon}, E. and {Banday}, A.~J. and 
	{Wandelt}, B.~D. and {Hansen}, F.~K. and {Reinecke}, M. and 
	{Bartelmann}, M.},
    title = "{HEALPix: A Framework for High-Resolution Discretization and Fast Analysis of Data Distributed on the Sphere}",
  journal = {ApJ},
   eprint = {astro-ph/0409513},
 keywords = {Cosmology: Cosmic Microwave Background, Cosmology: Observations, Methods: Statistical},
     year = 2005,
    month = apr,
   volume = 622,
    pages = {759-771},
      doi = {10.1086/427976},
   adsurl = {http://adsabs.harvard.edu/abs/2005ApJ...622..759G},
  adsnote = {Provided by the SAO/NASA Astrophysics Data System}
}
